@misc{evoli2018,
  title={The cosmic-ray energy spectrum},
  author={Evoli, Carmelo},
  year={2018},
  publisher={Zenodo}
}

@book{spurio2018,
  title={Probes of Multimessenger Astrophysics},
  author={Spurio, Maurizio},
  year={2018},
  publisher={Springer}
}

@phdthesis{labrenz2014,
  title={Radiation field in low Earth orbit: measurements from MATROSHKA DOSTEL onboard ISS},
  author={Labrenz, Johannes},
  year={2014}
}

@book{valdesgalicia1992,
  title={Los rayos c{\'o}smicos: mensajeros de las estrellas},
  author={Otaola, Javier A and Vald√©s-Galicia, Jos{\'e} F},
  year={1992},
  publisher={Fondo de Cultura Econ{\'o}mica}
}

@article{asorey2018,
  title={Preliminary results from the latin american giant observatory space weather simulation chain},
  author={Asorey, Hernan and N{\'u}{\~n}ez, Luis A and Su{\'a}rez-Dur{\'a}n, Mauricio},
  journal={Space Weather},
  volume={16},
  number={5},
  pages={461--475},
  year={2018},
  publisher={Wiley Online Library}
}

@article{lara2016,
  title={Altitude survey of the galactic cosmic ray flux with a Mini Neutron Monitor},
  author={Lara, A and Borgazzi, A and Caballero-Lopez, R},
  journal={Advances in Space Research},
  volume={58},
  number={7},
  pages={1441--1451},
  year={2016},
  publisher={Elsevier}
}

@article{sedrati2022,
  title={Calculation of the atmospheric cosmic ray flux and dosimetry with EXPACS code},
  author={Sedrati, Rafik and Bouchachi, Dallel},
  journal={Journal of the Korean Physical Society},
  volume={80},
  number={9},
  pages={940--947},
  year={2022},
  publisher={Springer}
}